@article{wojcieszak_influence_2014,
    title = {{Influence of Nd-doping on photocatalytic properties of {\{}TiO{\}}2 nanoparticles and thin film coatings}},
    year = {2014},
    journal = {International Journal of Photoenergy},
    author = {Wojcieszak, Damian and Mazur, Michal and Kurnatowska, Michalina and Kaczmarek, Danuta and Domaradzki, Jaroslaw and Kepinski, Leszek and Chojnacki, Kamil},
    volume = {2014},
    issn = {1110-662X}
}

@article{vijayalakshmi2016synergistic,
    title = {{Synergistic antibacterial activity of barium doped TiO 2 nanoclusters synthesized by microwave processing}},
    year = {2016},
    journal = {RSC Advances},
    author = {Vijayalakshmi, K and Sivaraj, D},
    number = {12},
    pages = {9663--9671},
    volume = {6},
    publisher = {Royal Society of Chemistry}
}

@article{Jin20075.1Irradiation,
    title = {{5.1{\%} Apparent quantum efficiency for stable hydrogen generation over eosin-sensitized CuO/TiO2 photocatalyst under visible light irradiation}},
    year = {2007},
    journal = {Catalysis Communications},
    author = {Jin, Zhiliang and Zhang, Xiaojie and Li, Yuexiang and Li, Shuben and Lu, Gongxuan},
    number = {8},
    pages = {1267--1273},
    volume = {8},
    isbn = {1566-7367},
    doi = {10.1016/j.catcom.2006.11.019},
    issn = {15667367},
    keywords = {Dye-sensitized TiO2, Hydrogen evolution, Visible light}
}

@article{Pai2016AOxides,
    title = {{A comprehensive study on sunlight driven photocatalytic hydrogen generation using low cost nanocrystalline Cu-Ti oxides}},
    year = {2016},
    journal = {Solar Energy Materials and Solar Cells},
    author = {Pai, Mrinal R. and Banerjee, Atindra M. and Rawool, Sushma A. and Singhal, Anshu and Nayak, Chandrani and Ehrman, Sheryl H. and Tripathi, Arvind K. and Bharadwaj, Shyamala R.},
    pages = {104--120},
    volume = {154},
    publisher = {Elsevier},
    url = {http://dx.doi.org/10.1016/j.solmat.2016.04.036},
    doi = {10.1016/j.solmat.2016.04.036},
    issn = {09270248},
    keywords = {AQE, Catalyst concentration, Cu-Ti-O, EXAFS, Illumination area, Photocatalytic H2 evolution reaction (HER), SFE, Sunlight, Up-scaled photoreactor}
}

@article{Resource2016AEROXIDEDioxide,
    title = {{AEROXIDE {\textregistered} TiO 2 PF 2 Hydrophilic fumed titanium dioxide}},
    year = {2016},
    author = {Resource, Evonik and Gmbh, Efficiency},
    pages = {1--2}
}

@article{Meyer2012BinaryDevices,
    title = {{Binary copper oxide semiconductors: From materials towards devices}},
    year = {2012},
    journal = {physica status solidi (b)},
    author = {Meyer, B. K. and Polity, A. and Reppin, D. and Becker, M. and Hering, P. and Klar, P. J. and Sander, Th. and Reindl, C. and Benz, J. and Eickhoff, M. and Heiliger, C. and Heinemann, M. and Bl{\"{a}}sing, J. and Krost, A. and Shokovets, S. and M{\"{u}}ller, C. and Ronning, C.},
    number = {8},
    pages = {1487--1509},
    volume = {249},
    url = {http://doi.wiley.com/10.1002/pssb.201248128},
    isbn = {03701972},
    doi = {10.1002/pssb.201248128},
    issn = {03701972}
}

@article{Shao2014CopperSensing,
    title = {{Copper (II) oxide nanowires for p-type conductometric NH3 sensing}},
    year = {2014},
    journal = {Applied Surface Science},
    author = {Shao, F. and Hern{\'{a}}ndez-Ram{\'{i}}rez, F. and Prades, J. D. and F{\`{a}}brega, C. and Andreu, T. and Morante, J. R.},
    pages = {177--181},
    volume = {311},
    publisher = {Elsevier B.V.},
    url = {http://dx.doi.org/10.1016/j.apsusc.2014.05.038},
    isbn = {01694332 (ISSN)},
    doi = {10.1016/j.apsusc.2014.05.038},
    issn = {01694332},
    keywords = {CuO, Gas sensor, Nanowire, Semiconductor}
}

@article{Suarez2017Cu-decoratedLight,
    title = {{Cu-decorated Raschig-TiO2 rings inducing MB repetitive discoloration without release of Cu-ions under solar light}},
    year = {2017},
    journal = {Journal of Environmental Chemical Engineering},
    author = {Suárez, Laura and Wei, Zhang and Teixidó, Helena and Sanjinés, Rosendo and Bensimon, Michaël and Pulgarín, César and Kiwi, John},
    number = {1},
    pages = {310--318},
    volume = {5},
    doi = {10.1016/j.jece.2016.12.006},
    issn = {22133437},
    keywords = {Intra-gap states, Light intensity effect, MB-discoloration, Mechanism, Roughness (Rg), Sunlight}
}

@article{Gumy2008EffectDegradation,
    title = {{Effect of suspended TiO2 physicochemical characteristics on benzene derivatives photocatalytic degradation}},
    year = {2008},
    journal = {Applied Catalysis B: Environmental},
    author = {Gumy, D. and Giraldo, S. A. and Rengifo, J. and Pulgarin, C.},
    number = {1-2},
    pages = {19--29},
    volume = {78},
    isbn = {0926-3373},
    doi = {10.1016/j.apcatb.2007.08.007},
    issn = {09263373},
    keywords = {4-Hydrobenzoic acid, 4-Nitrophenol, Benzoic acid, Phenol, TiO2 photoactivity, Water detoxification}
}

@article{Jang2000EffectsSurface,
    title = {{Effects of chemical etching with hydrochloric acid on a glass surface}},
    year = {2000},
    journal = {Journal of Vacuum Science {\&} Technology A: Vacuum, Surfaces, and Films},
    author = {Jang, H. K. and Chung, Y. D. and Whangbo, S. W. and Lyo, I. W. and Whang, C. N. and Lee, Seok J. and Lee, Seok J.},
    number = {5},
    pages = {2563},
    volume = {18},
    url = {http://scitation.aip.org/content/avs/journal/jvsta/18/5/10.1116/1.1287445},
    doi = {10.1116/1.1287445},
    issn = {07342101}
}

@article{Zhao2015EfficientZeolite,
    title = {{Efficient visible light photocatalytic activity of p–n junction CuO/TiO <sub>2</sub> loaded on natural zeolite}},
    year = {2015},
    journal = {RSC Adv.},
    author = {Zhao, Lei and Cui, Ting and Li, Yajun and Wang, Bo and Han, Jianhua and Han, Li and Liu, Zhifeng},
    number = {79},
    pages = {64495--64502},
    volume = {5},
    url = {http://xlink.rsc.org/?DOI=C5RA07597A},
    doi = {10.1039/C5RA07597A},
    issn = {2046-2069}
}

@article{Hoffmann1995EnvironmentalPhotocatalysis,
    title = {{Environmental Applications of Semiconductor Photocatalysis}},
    year = {1995},
    journal = {Chemical Reviews},
    author = {Hoffmann, Michael R. and Martin, Scot T. and Choi, Wonyong. and Bahnemann, Detlef W.},
    number = {1},
    pages = {69--96},
    volume = {95},
    url = {http://pubs.acs.org/doi/abs/10.1021/cr00033a004},
    isbn = {0009-2665},
    doi = {10.1021/cr00033a004},
    issn = {0009-2665},
    pmid = {19717236},
    arxivId = {arXiv:1011.1669v3}
}

@article{Bonilla2015ExtrinsicCells,
    title = {{Extrinsic Passivation of Silicon Surfaces for Solar Cells}},
    year = {2015},
    journal = {Energy Procedia},
    author = {Bonilla, Ruy S. and Reichel, Christian and Hermle, Martin and Martins, George and Wilshaw, Peter R.},
    pages = {774--778},
    volume = {77},
    publisher = {Elsevier B.V.},
    url = {http://dx.doi.org/10.1016/j.egypro.2015.07.109},
    doi = {10.1016/j.egypro.2015.07.109},
    issn = {18766102},
    keywords = {Silicon PV, dielectrics, field effect, surface passivation}
}

@article{Rtimi2013GrowthViability,
    title = {{Growth of TiO2/Cu films by HiPIMS for accelerated bacterial loss of viability}},
    year = {2013},
    journal = {Surface and Coatings Technology},
    author = {Rtimi, Sami and Baghriche, Oualid and Pulgarin, Cesar and Lavanchy, Jean Claude and Kiwi, John},
    pages = {804--813},
    volume = {232},
    publisher = {The Authors},
    url = {http://dx.doi.org/10.1016/j.surfcoat.2013.06.102},
    doi = {10.1016/j.surfcoat.2013.06.102},
    issn = {02578972},
    keywords = {Coating thickness, E. coli viability, HIPIMS sputtering, ICP-MS, Metal savings, Nano-composite layers}
}

@article{Kudo2009HeterogeneousSplitting,
    title = {{Heterogeneous photocatalyst materials for water splitting}},
    year = {2009},
    journal = {Chem. Soc. Rev.},
    author = {Kudo, Akihiko and Miseki, Yugo},
    number = {1},
    pages = {253--278},
    volume = {38},
    url = {http://xlink.rsc.org/?DOI=B800489G},
    isbn = {0306-0012 (Print){\textbackslash}r0306-0012 (Linking)},
    doi = {10.1039/B800489G},
    issn = {0306-0012},
    pmid = {19088977}
}

@article{Lalitha2010HighlyMixtures,
    title = {{Highly stabilized and finely dispersed Cu2O/TiO2: A promising visible sensitive photocatalyst for continuous production of hydrogen from glycerol:water mixtures}},
    year = {2010},
    journal = {Journal of Physical Chemistry C},
    author = {Lalitha, Kannekanti and Sadanandam, Gullapelli and Kumari, Valluri Durga and Subrahmanyam, Machiraju and Sreedhar, Bojja and Hebalkar, Neha Y.},
    number = {50},
    pages = {22181--22189},
    volume = {114},
    isbn = {1932-7447},
    doi = {10.1021/jp107405u},
    issn = {19327447}
}

@article{Bandara2005HighlyH2O,
    title = {{Highly stable CuO incorporated TiO2 catalyst for photocatalytic hydrogen production from H2O}},
    year = {2005},
    journal = {Photochemical {\&} Photobiological Sciences},
    author = {Bandara, J. and Udawatta, C. P. K. and Rajapakse, C. S. K.},
    number = {11},
    pages = {857},
    volume = {4},
    url = {http://xlink.rsc.org/?DOI=b507816d},
    isbn = {1474-905X},
    doi = {10.1039/b507816d},
    issn = {1474-905X},
    pmid = {16252040}
}

@misc{Ahmad2015HydrogenReview,
    title = {{Hydrogen from photo-catalytic water splitting process: A review}},
    year = {2015},
    booktitle = {Renewable and Sustainable Energy Reviews},
    author = {Ahmad, H. and Kamarudin, S. K. and Minggu, L. J. and Kassim, M.},
    pages = {599--610},
    volume = {43},
    isbn = {1364-0321},
    doi = {10.1016/j.rser.2014.10.101},
    issn = {13640321},
    keywords = {Hydrogen, Methanol, Photo-catalytic, Water splitting}
}

@article{Hardy2007ImprovedMetals,
    title = {{Improved Wetting of Mixed Ionic/Electronic Conductors Used in Electrochemical Devices with Ternary Air Braze Filler Metals}},
    year = {2007},
    journal = {Journal of The Electrochemical Society},
    author = {Hardy, J. S. and Kim, J. Y. and Thomsen, E. C. and Weil, K. S.},
    number = {3},
    pages = {P32},
    volume = {154},
    doi = {10.1149/1.2430691},
    issn = {00134651}
}

@article{Rtimi2013InnovativeSunlight,
    title = {{Innovative semi-transparent nanocomposite films presenting photo-switchable behavior and leading to a reduction of the risk of infection under sunlight}},
    year = {2013},
    journal = {RSC Adv.},
    author = {Rtimi, S and Pulgarin, C and Sanjines, R and Kiwi, J},
    number = {37},
    pages = {16345--16348},
    volume = {3},
    url = {http://dx.doi.org/10.1039/C3RA42762E},
    doi = {10.1039/C3RA42762E},
    issn = {2046-2069}
}

@article{Bockhorn1999KineticPolyethylene,
    title = {{Kinetic study on the thermal degradation of polypropylene and polyethylene}},
    year = {1999},
    journal = {Journal of Analytical and Applied Pyrolysis},
    author = {Bockhorn, H. and Hornung, a. and Hornung, U. and Schawaller, D.},
    number = {2},
    pages = {93--109},
    volume = {48},
    isbn = {0165-2370},
    doi = {10.1016/S0165-2370(98)00131-4},
    issn = {01652370},
    keywords = {kinetics, polyethylene, polypropylene, pyrolysis}
}

@article{GrafstrLifetimeActivation,
    title = {{Lifetime, cross-sections and activation}},
    author = {Grafstr, P},
    pages = {213--225},
    isbn = {9789290832942}
}

@article{RavindranathanThampi1990Low-temperatureReaction,
    title = {{Low-temperature thermal and photoactivation of TiO2-supported Ru, Rh, and Cu catalysts for CONO reaction}},
    year = {1990},
    journal = {Journal of Catalysis},
    author = {Ravindranathan Thampi, K. and Ruterana, P. and Gr{\"{a}}tzel, M.},
    number = {2},
    pages = {572--590},
    volume = {126},
    doi = {10.1016/0021-9517(90)90021-B},
    issn = {10902694}
}

@article{Haruta2004NanoparticulateOxidation,
    title = {{Nanoparticulate gold catalysts for low-temperature CO oxidation}},
    year = {2004},
    journal = {Journal of New Materials for Electrochemical Systems},
    author = {Haruta, M.},
    number = {3 SPEC. ISS.},
    pages = {163--172},
    volume = {7},
    isbn = {1480-2422},
    doi = {10.1002/chin.200448226},
    issn = {14802422},
    pmid = {1015},
    keywords = {CO oxidation, Catalyst preparation, Gold, Nanoparticles, Structure sensitivity}
}

@article{Nickheslat2013PhenolDioxide,
    title = {{Phenol photocatalytic degradation by advanced oxidation process under ultraviolet radiation using titanium dioxide}},
    year = {2013},
    journal = {Journal of Environmental and Public Health},
    author = {Nickheslat, Ali and Amin, Mohammad Mehdi and Izanloo, Hassan and Fatehizadeh, Ali and Mousavi, Seyed Mohammad},
    volume = {2013},
    doi = {10.1155/2013/815310},
    issn = {16879805},
    pmid = {23710198},
    arxivId = {815310}
}

@article{Yao2010PhotocatalyticIrradiation,
    title = {{Photocatalytic activity of CuO towards HER in catalyst from oxalic acid solution under simulated sunlight irradiation}},
    year = {2010},
    journal = {Transactions of Nonferrous Metals Society of China (English Edition)},
    author = {Yao, Mao Hai and Tang, You Gen and Zhang, Li and Yang, Hai Hua and Yan, Jian Hui},
    number = {10},
    pages = {1944--1949},
    volume = {20},
    publisher = {The Nonferrous Metals Society of China},
    url = {http://dx.doi.org/10.1016/S1003-6326(09)60399-X},
    isbn = {8673188830886},
    doi = {10.1016/S1003-6326(09)60399-X},
    issn = {10036326},
    keywords = {copper oxide (CuO), hydrogen evolution reaction (HER), oxalic acid, photocatalytic activity, simulated sunlight}
}

@article{Ditta2008PhotocatalyticT4,
    title = {{Photocatalytic antimicrobial activity of thin surface films of TiO 2, CuO and TiO2/CuO dual layers on Escherichia coli and bacteriophage T4}},
    year = {2008},
    journal = {Applied Microbiology and Biotechnology},
    author = {Ditta, Iram B. and Steele, Alex and Liptrot, Christopher and Tobin, Julie and Tyler, Helen and Yates, Heather M. and Sheel, David W. and Foster, Howard A.},
    number = {1},
    pages = {127--133},
    volume = {79},
    isbn = {0025300814},
    doi = {10.1007/s00253-008-1411-8},
    issn = {01757598},
    keywords = {Antimicrobial, Bacteriophage T4, CVD, Escherichia coli, Photocatalysis, Surfaces, TiO2}
}

@article{Wang2004PhotocatalyticCatalysts,
    title = {{Photocatalytic reduction of Hg(II) on two commercial TiO2 catalysts}},
    year = {2004},
    journal = {Electrochimica Acta},
    author = {Wang, Xiaoling and Pehkonen, S. O. and Ray, Ajay K.},
    number = {9-10},
    pages = {1435--1444},
    volume = {49},
    isbn = {0013-4686},
    doi = {10.1016/j.electacta.2003.10.030},
    issn = {00134686},
    keywords = {Mercury, Photocatalysis, Photocatalytic reduction, TiO2 catalyst}
}

@article{Carp2004PhotoinducedDioxide,
    title = {{Photoinduced reactivity of titanium dioxide}},
    year = {2004},
    journal = {Progress in Solid State Chemistry},
    author = {Carp, O. and Huisman, C. L. and Reller, A.},
    number = {1-2},
    pages = {33--177},
    volume = {32},
    isbn = {0079-6786},
    doi = {10.1016/j.progsolidstchem.2004.08.001},
    issn = {00796786},
    keywords = {Environmental remediation, Photocatalysis, Photoinduced processes, Surface properties, Titanium dioxide}
}

@article{Linic2011Plasmonic-metalEnergy,
    title = {{Plasmonic-metal nanostructures for efficient conversion of solar to chemical energy}},
    year = {2011},
    journal = {Nature Materials},
    author = {Linic, Suljo and Christopher, Phillip and Ingram, David B.},
    number = {12},
    pages = {911--921},
    volume = {10},
    publisher = {Nature Publishing Group},
    url = {http://www.nature.com/doifinder/10.1038/nmat3151},
    isbn = {1476-1122},
    doi = {10.1038/nmat3151},
    issn = {1476-1122},
    pmid = {22109608}
}

@article{Brunelle1978PreparationOxides,
    title = {{Preparation of catalysts by metallic complex adsorption on mineral oxides}},
    year = {1978},
    journal = {Pure and Applied Chemistry},
    author = {Brunelle, J. P.},
    number = {9-10},
    volume = {50},
    url = {http://www.degruyter.com/view/j/pac.1978.50.issue-9-10/pac197850091211/pac197850091211.xml},
    isbn = {0033-4545},
    doi = {10.1351/pac197850091211},
    issn = {1365-3075},
    pmid = {429}
}

@article{Ogden1999PROSPECTSINFRASTRUCTURE,
    title = {{PROSPECTS FOR BUILDING A HYDROGEN ENERGY INFRASTRUCTURE}},
    year = {1999},
    journal = {Annual Review of Energy and the Environment},
    author = {Ogden, Joan M},
    number = {1},
    pages = {227--279},
    volume = {24},
    url = {http://www.annualreviews.org/doi/abs/10.1146/annurev.energy.24.1.227%5Cnhttp://www.annualreviews.org/doi/pdf/10.1146/annurev.energy.24.1.227},
    isbn = {10563466},
    doi = {doi:10.1146/annurev.energy.24.1.227},
    issn = {1056-3466},
    pmid = {5366262},
    arxivId = {arXiv:1011.1669v3},
    keywords = {alternative fuels, and energy supply security, any discussion of energy-related, energy transmission a, energy transmission and distribution, fuel cells, future use of alter-, global climate change, is used directly as, issues, of primary energy today, raises the issue of, s abstract about two-thirds, such as air pollution, tion and heating fuels, transporta-}
}

@article{Pazokifard2012SilaneSolutions,
    title = {{Silane grafting of TiO 2 nanoparticles: Dispersibility and photoactivity in aqueous solutions}},
    year = {2012},
    journal = {Surface and Interface Analysis},
    author = {Pazokifard, Sh and Mirabedini, S. M. and Esfandeh, M. and Mohseni, M. and Ranjbar, Z.},
    number = {1},
    pages = {41--47},
    volume = {44},
    doi = {10.1002/sia.3767},
    issn = {01422421},
    keywords = {TiO 2 nanoparticles, dispersion stability, photocatalytic, surface treatment}
}

@article{Mazaheri2008SinteringGrowth,
    title = {{Sintering of Titania Nanoceramics : Densification and Grain Growth}},
    year = {2008},
    author = {Mazaheri, M and Hesabi, Z Razavi and Sadrnezhaad, S K},
    pages = {192},
    keywords = {grain growth, tio 2, two-step sintering}
}

@article{Ampelli2013SolarNanocomposites,
    title = {{Solar energy and biowaste conversion into H2 on CuO x/TiO2 nanocomposites}},
    year = {2013},
    journal = {Chemical Engineering Transactions},
    author = {Ampelli, Claudio and Passalacqua, Rosalba and Genovese, Chiara and Perathoner, Siglinda and Centi, Gabriele and Montini, Tiziano and Gombac, Valentina and Fornasiero, Paolo},
    pages = {583--588},
    volume = {35},
    isbn = {19749791 (ISSN)},
    doi = {10.3303/CET1335097},
    issn = {19749791}
}

@article{Angerer2004Spark-plasma-sinteringPowders,
    title = {{Spark-plasma-sintering (SPS) of nanostructured and submicron titanium oxide powders}},
    year = {2004},
    journal = {Materials Science and Engineering A},
    author = {Angerer, P. and Yu, L. G. and Khor, K. A. and Krumpel, G.},
    number = {1-2},
    pages = {16--19},
    volume = {381},
    isbn = {0921-5093},
    doi = {10.1016/j.msea.2004.02.009},
    issn = {09215093},
    keywords = {Grain growth, Nanocrystalline, Spark-plasma-sintering, Titanium oxide powders, X-ray diffraction}
}

@article{Wang1999StudiesSurfaces,
    title = {{Studies of surface wettability conversion on TiO2 single-crystal surfaces}},
    year = {1999},
    journal = {Journal of Physical Chemistry B},
    author = {Wang, R and Sakai, N and Fujishima, a and Watanabe, T and Hashimoto, K},
    number = {12},
    pages = {2188--2194},
    volume = {103},
    isbn = {1089-5647},
    doi = {Doi 10.1021/Jp983386x},
    issn = {1520-6106},
    keywords = {adsorption, defects, electronic-structure, films, h2o, hydrogen, photocatalysis, solar-cell, tio2(110) surfaces, water}
}

@article{Mogyorosi2010TheQuality,
    title = {{The effect of particle shape on the activity of nanocrystalline TiO2 photocatalysts in phenol decomposition. Part 3: The importance of surface quality}},
    year = {2010},
    journal = {Applied Catalysis B: Environmental},
    author = {Mogyor{\'{o}}si, K. and Bal{\'{a}}zs, N. and Srank{\'{o}}, D. F. and Tomb{\'{a}}cz, E. and D{\'{e}}k{\'{a}}ny, I. and Oszk{\'{o}}, A. and Sipos, P. and Dombi, A.},
    number = {3-4},
    pages = {577--585},
    volume = {96},
    isbn = {0926-3373},
    doi = {10.1016/j.apcatb.2010.03.007},
    issn = {09263373},
    keywords = {Anatase, Aromatic intermediates, Complete mineralization, Dynamic light scattering, Flame hydrolysis, Heterogeneous photocatalysis, Isoelectric point, Nanoparticles, Oxygen consumption, Phenol decomposition, Rutile, Shape dependence, Titania, X-ray photoelectron spectroscopy}
}

@book{Dupre2017ThermalDevices,
    title = {{Thermal Behavior of Photovoltaic Devices}},
    year = {2017},
    author = {Dupr{\'{e}}, Olivier and Vaillon, Rodolphe and Green, Martin A.},
    url = {http://link.springer.com/10.1007/978-3-319-49457-9},
    isbn = {978-3-319-49456-2},
    doi = {10.1007/978-3-319-49457-9}
}

@article{Hashimoto2005TiOProspects,
    title = {{TiO 2 Photocatalysis: A Historical Overview and Future Prospects}},
    year = {2005},
    journal = {Japanese Journal of Applied Physics},
    author = {Hashimoto, Kazuhito and Irie, Hiroshi and Fujishima, Akira},
    number = {12},
    pages = {8269--8285},
    volume = {44},
    url = {http://ci.nii.ac.jp/naid/150000044205/en/},
    isbn = {0021492213474},
    doi = {10.1143/JJAP.44.8269},
    issn = {0021-4922},
    pmid = {21565401},
    arxivId = {CPMP/SWP/QWP/4446/00 corr.},
    keywords = {Honda-Fujishima effect, environmental application, hydrophilic conversion, photoelectrolysis, redox reaction, titanium dioxide}
}

@article{Hashimoto2005TiOProspectsb,
    title = {{TiO <sub>2</sub> Photocatalysis: A Historical Overview and Future Prospects}},
    year = {2005},
    journal = {Japanese Journal of Applied Physics},
    author = {Hashimoto, Kazuhito and Irie, Hiroshi and Fujishima, Akira},
    number = {12},
    pages = {8269--8285},
    volume = {44},
    url = {http://stacks.iop.org/1347-4065/44/8269},
    doi = {10.1143/JJAP.44.8269},
    issn = {0021-4922},
    keywords = {environmental, fujishima effect, honda, hydrophilic conversion, photoelectrolysis, redox reaction, titanium dioxide}
}

@article{Rengifo-Herrera2016TiO2Complexes,
    title = {{TiO2 modified with polyoxotungstates should induce visible-light absorption and high photocatalytic activity through the formation of surface complexes}},
    year = {2016},
    journal = {Applied Catalysis B: Environmental},
    author = {Rengifo-Herrera, Julián A. and Blanco, Mirta and Wist, Julien and Florian, Pierre and Pizzio, Luis R.},
    pages = {99--109},
    volume = {189},
    doi = {10.1016/j.apcatb.2016.02.033},
    issn = {09263373},
    keywords = {Heterogeneous photocatalysis, Heteropolyacids, TiO2with visible light absorption, Tungstophosphoric acid, Tungstosilicic acid}
}

@article{Ohtani2010WhatTest,
    title = {{What is Degussa (Evonic) P25? Crystalline composition analysis, reconstruction from isolated pure particles and photocatalytic activity test}},
    year = {2010},
    journal = {Journal of Photochemistry and Photobiology A: Chemistry},
    author = {Ohtani, B. and Prieto-Mahaney, O. O. and Li, D. and Abe, R.},
    number = {2-3},
    pages = {179--182},
    volume = {216},
    isbn = {1010-6030},
    doi = {10.1016/j.jphotochem.2010.07.024},
    issn = {10106030},
    keywords = {Anatase-rutile-amorphous mixture, Inhomogeneity of crystalline composition, Less-probable synergetic effect, Powder X-ray diffraction}
}

@article{Luttrell2015WhyFilms,
    title = {{Why is anatase a better photocatalyst than rutile? - Model studies on epitaxial TiO2 films}},
    year = {2015},
    journal = {Scientific Reports},
    author = {Luttrell, Tim and Halpegamage, Sandamali and Tao, Junguang and Kramer, Alan and Sutter, Eli and Batzill, Matthias},
    number = {1},
    pages = {4043},
    volume = {4},
    url = {http://www.nature.com/articles/srep04043},
    isbn = {2045-2322},
    doi = {10.1038/srep04043},
    issn = {2045-2322},
    pmid = {24509651}
}